<?xml version="1.0" encoding="UTF-8"?><collection xmlns="http://www.loc.gov/MARC21/slim"><record><leader>00670nam--2200193-u-4500</leader><controlfield tag="001">000052835</controlfield><controlfield tag="002">20161230</controlfield><controlfield tag="005">20161230201050</controlfield><controlfield tag="008">101123s1000------------r-----000-0-rum-d</controlfield><datafield ind1=" " ind2=" " tag="040"><subfield code="a">IFIN-HH</subfield></datafield><datafield ind1=" " ind2=" " tag="041"><subfield code="a">rum</subfield></datafield><datafield ind1=" " ind2=" " tag="080"><subfield code="a">621.375.9</subfield></datafield><datafield ind1="1" ind2=" " tag="100"><subfield code="a">Axente, Emanuel</subfield></datafield><datafield ind1="1" ind2="0" tag="245"><subfield code="a">Interactiuni laser - material in regim ns si fs: splicatii la sinteza de nanoparticule si filma subtiri, microprocesarea suprafetelor;</subfield><subfield code="b">Teza</subfield><subfield code="c">Emanuel axente</subfield></datafield><datafield ind1=" " ind2=" " tag="260"><subfield code="a">Bucuresti</subfield><subfield code="b">Ifa</subfield><subfield code="c">2010</subfield></datafield><datafield ind1=" " ind2=" " tag="300"><subfield code="a">195P</subfield></datafield><datafield ind1=" " ind2=" " tag="500"><subfield code="a">Coordonatori Stiintifici: Prof. Dr. Ion N. Mihailescu; Prof. Dr. Jorg Hermann; Prof. Dr. Marc Sentis</subfield></datafield><datafield ind1=" " ind2=" " tag="852"><subfield code="a">82307</subfield><subfield code="c">621.375.9</subfield></datafield><datafield ind1=" " ind2=" " tag="CAT"><subfield code="a">Sys</subfield><subfield code="c">20110125</subfield><subfield code="h">131152</subfield></datafield></record></collection>